<record xmlns="http://www.loc.gov/MARC21/slim" xmlns:xsi="http://www.w3.org/2001/XMLSchema-instance" xsi:schemaLocation="http://www.loc.gov/MARC21/slim http://www.loc.gov/standards/marcxml/schema/MARC21slim.xsd"><leader>01894nam a2200349   4500</leader><controlfield tag="001">001685357</controlfield><controlfield tag="003">NNU</controlfield><controlfield tag="006">m        d        </controlfield><controlfield tag="007">cr cn |||m|||a</controlfield><controlfield tag="008">150222s1963    iq      ob    000 0 ara</controlfield><datafield ind1=" " ind2=" " tag="040"><subfield code="a">NNU</subfield><subfield code="b">eng</subfield><subfield code="c">NNU</subfield></datafield><datafield ind1="0" ind2=" " tag="050"><subfield code="a">PJ6828</subfield><subfield code="b">.A4</subfield></datafield><datafield ind1=" " ind2=" " tag="066"><subfield code="c">(3</subfield></datafield><datafield ind1=" " ind2=" " tag="090"><subfield code="a">PJ6828</subfield><subfield code="b">.A4</subfield></datafield><datafield ind1="1" ind2=" " tag="100"><subfield code="6">880-01</subfield><subfield code="a">&#699;All&#257;f, &#699;Abd al-Kar&#299;m</subfield></datafield><datafield ind1="1" ind2="3" tag="245"><subfield code="6">880-02</subfield><subfield code="a">al-Maww&#257;l al-Baghd&#257;d&#299;</subfield><subfield code="h">[electronic resource] :</subfield><subfield code="b">majm&#363;&#699;ah ta&#7693;umm &#7789;&#257;&#700;ifah mukht&#257;rah min al-shi&#699;r al-sha&#699;b&#299; ka-al-Maww&#257;l al-Baghd&#257;d&#299; al-qad&#299;m wa-al-ab&#363;dh&#299;yah al-mub&#257;r&#257;h bi-shi&#699;r wa-al-murabba&#699; al-Baghd&#257;d&#299; /</subfield><subfield code="c">jama&#699;ah&#257; wa-&#699;allaqa &#699;alayh&#257; &#699;Abd al-Kar&#299;m al-&#699;All&#257;f.</subfield></datafield><datafield ind1=" " ind2=" " tag="250"><subfield code="6">880-03</subfield><subfield code="a">al-&#7788;ab&#699;ah 1.</subfield></datafield><datafield ind1=" " ind2=" " tag="260"><subfield code="6">880-04</subfield><subfield code="a">Baghd&#257;d :</subfield><subfield code="b">al-Maktabah al-Ahl&#299;yah,</subfield><subfield code="c">1963.</subfield></datafield><datafield ind1=" " ind2=" " tag="300"><subfield code="a">online resource (136 p.)</subfield></datafield><datafield ind1=" " ind2=" " tag="500"><subfield code="a">Part of the Arabic Collections Online (ACO) project, contributed by New York Univeristy Libraries.</subfield></datafield><datafield ind1=" " ind2=" " tag="533"><subfield code="a">Electronic reproduction.</subfield><subfield code="b">New York, N.Y. :</subfield><subfield code="c">New York University,</subfield><subfield code="d">2015.</subfield><subfield code="5">NNU</subfield></datafield><datafield ind1=" " ind2="0" tag="650"><subfield code="a">Maww&#257;l.</subfield></datafield><datafield ind1="2" ind2=" " tag="710"><subfield code="a">New York University.</subfield><subfield code="b">Libraries.</subfield></datafield><datafield ind1="0" ind2=" " tag="730"><subfield code="a">Arabic Collections Online.</subfield></datafield><datafield ind1="0" ind2="8" tag="776"><subfield code="i">Print version:</subfield><subfield code="a">&#699;All&#257;f, &#699;Abd al-Kar&#299;m 880-01</subfield><subfield code="t">al-Maww&#257;l al-Baghd&#257;d&#299;</subfield><subfield code="w">(NNU)001685357</subfield><subfield code="w">(DLC)65000460</subfield></datafield><datafield ind1="4" ind2="0" tag="856"><subfield code="u">http://hdl.handle.net/2333.1/jh9w0xm1</subfield></datafield><datafield ind1="1" ind2=" " tag="880"><subfield code="6">100-01/</subfield><subfield code="a">&#1593;&#1604;&#1575;&#1601;&#1548; &#1593;&#1576;&#1583;&#1575;&#1604;&#1603;&#1585;&#1610;&#1605;.</subfield></datafield><datafield ind1="1" ind2="2" tag="880"><subfield code="6">245-02/</subfield><subfield code="a">&#1575;&#1604;&#1605;&#1608;&#1575;&#1604; &#1575;&#1604;&#1576;&#1594;&#1583;&#1575;&#1583;&#1610; :</subfield><subfield code="b">&#1605;&#1580;&#1605;&#1608;&#1593;&#1577; &#1578;&#1590;&#1605; &#1591;&#1575;&#1574;&#1601;&#1577; &#1605;&#1582;&#1578;&#1575;&#1585;&#1577; &#1605;&#1606; &#1575;&#1604;&#1588;&#1593;&#1585; &#1575;&#1604;&#1588;&#1593;&#1576;&#1610; &#1603;&#1575;&#1604;&#1605;&#1608;&#1575;&#1604; &#1575;&#1604;&#1576;&#1594;&#1583;&#1575;&#1583;&#1610; &#1575;&#1604;&#1602;&#1583;&#1610;&#1605; &#1608;&#1575;&#1604;&#1575;&#1576;&#1608;&#1584;&#1610;&#1577; &#1575;&#1604;&#1605;&#1576;&#1575;&#1585;&#1575;&#1577; &#1576;&#1588;&#1593;&#1585; &#1608;&#1575;&#1604;&#1605;&#1585;&#1576;&#1593; &#1575;&#1604;&#1576;&#1594;&#1583;&#1575;&#1583;&#1610; /</subfield><subfield code="c">&#1580;&#1605;&#1593;&#1607;&#1575; &#1608;&#1593;&#1604;&#1602; &#1593;&#1604;&#1610;&#1607;&#1575; &#1593;&#1576;&#1583;&#1575;&#1604;&#1603;&#1585;&#1610;&#1605; &#1575;&#1604;&#1593;&#1604;&#1575;&#1601;.</subfield></datafield><datafield ind1=" " ind2=" " tag="880"><subfield code="6">250-03/</subfield><subfield code="a">&#1575;&#1604;&#1591;&#1576;&#1593;&#1577; 1.</subfield></datafield><datafield ind1=" " ind2=" " tag="880"><subfield code="6">260-04/</subfield><subfield code="a">&#1576;&#1594;&#1583;&#1575;&#1583; :</subfield><subfield code="b">&#1575;&#1604;&#1605;&#1603;&#1578;&#1576;&#1577; &#1575;&#1604;&#1571;&#1607;&#1604;&#1610;&#1577;&#1548;</subfield><subfield code="c">1963.</subfield></datafield><datafield ind1=" " ind2=" " tag="959"><subfield code="a">NNU</subfield><subfield code="b">WEB</subfield><subfield code="c">GENI</subfield><subfield code="t">0</subfield><subfield code="m">Electronic access</subfield><subfield code="s">01</subfield></datafield><datafield ind1=" " ind2=" " tag="999"><subfield code="i">NNU_001685357</subfield><subfield code="s">nyu_aco000275</subfield></datafield></record>